<record><leader>00000cas a22000007a 4500</leader><controlfield tag="001">10063170</controlfield><controlfield tag="008">831027d19111929ohucr ne      0    0eng d</controlfield><datafield ind1=" " ind2=" " tag="010"><subfield code="a">sn 83035598 </subfield></datafield><datafield ind1=" " ind2=" " tag="040"><subfield code="a">NPY</subfield><subfield code="b">eng</subfield><subfield code="c">NPY</subfield><subfield code="d">ONP</subfield><subfield code="d">OCLCQ</subfield></datafield><datafield ind1=" " ind2=" " tag="042"><subfield code="a">msc</subfield></datafield><datafield ind1="0" ind2="4" tag="245"><subfield code="a">The Semi-weekly journal-herald.</subfield></datafield><datafield ind1=" " ind2=" " tag="260"><subfield code="a">Delaware, Ohio :</subfield><subfield code="b">Journal-Herald Pub. Co.,</subfield><subfield code="c">1911-</subfield></datafield><datafield ind1=" " ind2=" " tag="300"><subfield code="a">v.</subfield></datafield><datafield ind1=" " ind2=" " tag="310"><subfield code="a">Semiweekly</subfield></datafield><datafield ind1="0" ind2=" " tag="362"><subfield code="a">Vol. 71, no. 1 (Dec. 5, 1911)-</subfield></datafield><datafield ind1="1" ind2=" " tag="362"><subfield code="a">Ceased in Nov. 1929.</subfield></datafield><datafield ind1=" " ind2=" " tag="500"><subfield code="a">"Official Democratic organ of Delaware City and County," &lt;1921&gt;.</subfield></datafield><datafield ind1=" " ind2="4" tag="651"><subfield code="a">Delaware (Ohio)</subfield><subfield code="v">Newspapers.</subfield></datafield><datafield ind1=" " ind2="4" tag="651"><subfield code="a">Delaware County (Ohio)</subfield><subfield code="v">Newspapers.</subfield></datafield><datafield ind1=" " ind2=" " tag="752"><subfield code="a">United States</subfield><subfield code="b">Ohio</subfield><subfield code="c">Delaware</subfield><subfield code="d">Delaware.</subfield></datafield><datafield ind1="0" ind2=" " tag="775"><subfield code="t">Daily journal-herald (Delaware, Ohio)</subfield><subfield code="w">(DLC)sn 88077594</subfield></datafield><datafield ind1="0" ind2="0" tag="780"><subfield code="t">Weekly journal-herald</subfield><subfield code="w">(DLC)sn 88077601</subfield></datafield><datafield ind1="1" ind2=" " tag="029"><subfield code="a">AU@</subfield><subfield code="b">000020532038</subfield></datafield></record>